
@ARTICLE{Hainline++2012,
   author = {{Hainline}, L.~J. and {Morgan}, C.~W. and {Beach}, J.~N. and 
	{Kochanek}, C.~S. and {Harris}, H.~C. and {Tilleman}, T. and 
	{Fadely}, R. and {Falco}, E.~E. and {Le}, T.~X.},
    title = "{A New Microlensing Event in the Doubly Imaged Quasar Q 0957+561}",
  journal = {\apj},
archivePrefix = "arXiv",
   eprint = {1107.0982},
 primaryClass = "astro-ph.CO",
 keywords = {accretion, accretion disks, gravitational lensing: micro, gravitational lensing: strong, quasars: individual: Q0957+561},
     year = 2012,
    month = jan,
   volume = 744,
      eid = {104},
    pages = {104},
      doi = {10.1088/0004-637X/744/2/104},
   adsurl = {http://adsabs.harvard.edu/abs/2012ApJ...744..104H},
  adsnote = {Provided by the SAO/NASA Astrophysics Data System},
    notes = {Kochanek's group compiled three sets of data, spanning 6 years,
             time-shift the 2 images' lightcurves by 471 days, and then fit
             with brute-force microlensing models. The most up to date 
             monitoring data, it seems - perhaps with the addition of
             Shalyapin++2012.}
}

@ARTICLE{Shalyapin++2012,
   author = {{Shalyapin}, V.~N. and {Goicoechea}, L.~J. and {Gil-Merino}, R.
	},
    title = "{A 5.5-year robotic optical monitoring of Q0957+561: substructure in a non-local cD galaxy}",
  journal = {\aap},
archivePrefix = "arXiv",
   eprint = {1203.0978},
 primaryClass = "astro-ph.GA",
 keywords = {gravitational lensing: strong, quasars: individual: Q0957+561, galaxies: elliptical and lenticular, cD, black hole physics},
     year = 2012,
    month = apr,
   volume = 540,
      eid = {A132},
    pages = {A132},
      doi = {10.1051/0004-6361/201118316},
   adsurl = {http://adsabs.harvard.edu/abs/2012A%26A...540A.132S},
  adsnote = {Provided by the SAO/NASA Astrophysics Data System},
    notes = {New LRT data for 2008-2010, could be compared with COSMOGRAIL
             data taken by Kochanek et al.}
}

@ARTICLE{Shalyapin++2008,
   author = {{Shalyapin}, V.~N. and {Goicoechea}, L.~J. and {Koptelova}, E. and 
	{Ull{\'a}n}, A. and {Gil-Merino}, R.},
    title = "{New two-colour light curves of Q0957+561: time delays and the origin of intrinsic variations}",
  journal = {\aap},
archivePrefix = "arXiv",
   eprint = {0810.4619},
 keywords = {techniques: photometric, gravitational lensing, black hole physics, quasars: individual:, Q0957+561},
     year = 2008,
    month = dec,
   volume = 492,
    pages = {401-410},
      doi = {10.1051/0004-6361:200810447},
   adsurl = {http://adsabs.harvard.edu/abs/2008A%26A...492..401S},
  adsnote = {Provided by the SAO/NASA Astrophysics Data System},
    notes = {Cited by Hainline et al as source of 417 day delay, they also 
             confirmed the difference between the g-band and r-band delays.
             Hainline et al used their monitoring data too.}
}

@ARTICLE{Kundic++1997,
   author = {{Kundic}, T. and {Turner}, E.~L. and {Colley}, W.~N. and {Gott}, III, J.~R. and 
	{Rhoads}, J.~E. and {Wang}, Y. and {Bergeron}, L.~E. and {Gloria}, K.~A. and 
	{Long}, D.~C. and {Malhotra}, S. and {Wambsganss}, J.},
    title = "{A Robust Determination of the Time Delay in 0957+561A, B and a Measurement of the Global Value of Hubble's Constant}",
  journal = {\apj},
   eprint = {arXiv:astro-ph/9610162},
 keywords = {COSMOLOGY: DISTANCE SCALE, COSMOLOGY: GRAVITATIONAL LENSING, GALAXIES: QUASARS: INDIVIDUAL ALPHANUMERIC: 0957+561},
     year = 1997,
    month = jun,
   volume = 482,
    pages = {75},
      doi = {10.1086/304147},
   adsurl = {http://adsabs.harvard.edu/abs/1997ApJ...482...75K},
  adsnote = {Provided by the SAO/NASA Astrophysics Data System},
    notes = {New APO data used to reject long 540 day delay claimed by Press
             et al. Measurement is of 417 day delay.}
}

@ARTICLE{Press++1992-Paper1,
   author = {{Press}, W.~H. and {Rybicki}, G.~B. and {Hewitt}, J.~N.},
    title = "{The time delay of gravitational lens 0957 + 561. I - Methodology and analysis of optical photometric data. II - Analysis of radio data and combined optical-radio analysis}",
  journal = {\apj},
 keywords = {ASTRONOMICAL PHOTOMETRY, GRAVITATIONAL LENSES, QUASARS, TIME LAG, COMPUTATIONAL ASTROPHYSICS, GALACTIC CLUSTERS, MONTE CARLO METHOD, RED SHIFT},
     year = 1992,
    month = feb,
   volume = 385,
    pages = {404-420},
      doi = {10.1086/170951},
   adsurl = {http://adsabs.harvard.edu/abs/1992ApJ...385..404P},
  adsnote = {Provided by the SAO/NASA Astrophysics Data System},
    notes = {Paper 1 of Press et al series, the first claim of the long delay,
             from the optical data alone (from Vanderriest et al).
             This would be the dataset to use when showing a bimodal posterior
             that could have (should have?) been obtained in 1992.}
}

@ARTICLE{Press++1992-Paper2,
   author = {{Press}, W.~H. and {Rybicki}, G.~B. and {Hewitt}, J.~N.},
    title = "{The Time Delay of Gravitational Lens 0957+561. II. Analysis of Radio Data and Combined Optical-Radio Analysis}",
  journal = {\apj},
 keywords = {COSMOLOGY: GRAVITATIONAL LENSING, COSMOLOGY: OBSERVATIONS, GALAXIES: QUASARS: INDIVIDUAL ALPHANUMERIC: 0957+561, METHODS: NUMERICAL},
     year = 1992,
    month = feb,
   volume = 385,
    pages = {416},
      doi = {10.1086/170952},
   adsurl = {http://adsabs.harvard.edu/abs/1992ApJ...385..416P},
  adsnote = {Provided by the SAO/NASA Astrophysics Data System},
    notes = {Claim of long delay, 540 days, from combination of radio and
             optical data. Tentative detection of microlensing trend in
             optical data. Part 1 of this 2-part series may also be of
             interest.}
}

@ARTICLE{Vanderriest++1989,
   author = {{Vanderriest}, C. and {Schneider}, J. and {Herpe}, G. and {Chevreton}, M. and 
	{Moles}, M. and {Wlerick}, G.},
    title = "{The value of the time delay Delta t(A, B) for the 'double' quasar 0957+561 from optical photometric monitoring}",
  journal = {\aap},
 keywords = {ASTRONOMICAL PHOTOMETRY, GRAVITATIONAL LENSES, IMAGE PROCESSING, QUASARS, TIME LAG, ASTROMETRY, BRIGHTNESS, HUBBLE CONSTANT, LIGHT CURVE, VERY LONG BASE INTERFEROMETRY},
     year = 1989,
    month = may,
   volume = 215,
    pages = {1-13},
   adsurl = {http://adsabs.harvard.edu/abs/1989A%26A...215....1V},
  adsnote = {Provided by the SAO/NASA Astrophysics Data System},
    notes = {Optical monitoring data used by Press et al. These authors found
             the short delay, 420+/-20 days, though.}
}

@ARTICLE{Oscoz++2001,
   author = {{Oscoz}, A. and {Alcalde}, D. and {Serra-Ricart}, M. and {Mediavilla}, E. and 
	{Abajas}, C. and {Barrena}, R. and {Licandro}, J. and {Motta}, V. and 
	{Mu{\~n}oz}, J.~A.},
    title = "{Time Delay in QSO 0957+561 From 1984-1999 Optical Data}",
  journal = {\apj},
   eprint = {arXiv:astro-ph/0102112},
 keywords = {Cosmology: Gravitational Lensing, Methods: Data Analysis, Galaxies: Quasars: Individual: Alphanumeric: Q0957+561},
     year = 2001,
    month = may,
   volume = 552,
    pages = {81-90},
      doi = {10.1086/320462},
   adsurl = {http://adsabs.harvard.edu/abs/2001ApJ...552...81O},
  adsnote = {Provided by the SAO/NASA Astrophysics Data System},
    notes = {Source of some monitoring data used by Hainline et al. Also a
             2002 paper by same authors.}
}

@ARTICLE{Pelt++1998,
   author = {{Pelt}, J. and {Schild}, R. and {Refsdal}, S. and {Stabell}, R.
	},
    title = "{Microlensing on different timescales in the lightcurves of QSO 0957+561 A,B}",
  journal = {\aap},
 keywords = {METHODS: STATISTICAL, METHODS: DATA ANALYSIS, QUASARS: INDIVIDUAL: 0957+561A,B, GRAVITATIONAL LENSING},
     year = 1998,
    month = aug,
   volume = 336,
    pages = {829-839},
   adsurl = {http://adsabs.harvard.edu/abs/1998A%26A...336..829P},
  adsnote = {Provided by the SAO/NASA Astrophysics Data System},
    notes = {One early attempt to look for microlensing. Hainline et al has
             more references.}
}
